@inproceedings{chen2016xgboost,
  title={Xgboost: A scalable tree boosting system},
  author={Chen, Tianqi and Guestrin, Carlos},
  booktitle={Proceedings of the 22nd acm sigkdd international conference on knowledge discovery and data mining},
  pages={785--794},
  year={2016}
}

@article{fama1987information,
  title={The information in long-maturity forward rates},
  author={Fama, Eugene F and Bliss, Robert R},
  journal={The American Economic Review},
  pages={680--692},
  year={1987},
  publisher={JSTOR}
}

@article{laborda2014investor,
  title={Investor sentiment and bond risk premia},
  author={Laborda, Ricardo and Olmo, Jose},
  journal={Journal of Financial Markets},
  volume={18},
  pages={206--233},
  year={2014},
  publisher={Elsevier}
}

@article{ludvigson2009macro,
  title={Macro factors in bond risk premia},
  author={Ludvigson, Sydney C and Ng, Serena},
  journal={The Review of Financial Studies},
  volume={22},
  number={12},
  pages={5027--5067},
  year={2009},
  publisher={Oxford University Press}
}

@article{greenwood2014bond,
  title={Bond supply and excess bond returns},
  author={Greenwood, Robin and Vayanos, Dimitri},
  journal={The Review of Financial Studies},
  volume={27},
  number={3},
  pages={663--713},
  year={2014},
  publisher={Oxford University Press}
}

@article{baker2006investor,
  title={Investor sentiment and the cross-section of stock returns},
  author={Baker, Malcolm and Wurgler, Jeffrey},
  journal={The journal of Finance},
  volume={61},
  number={4},
  pages={1645--1680},
  year={2006},
  publisher={Wiley Online Library}
}

@article{cochrane2005bond,
  title={Bond risk premia},
  author={Cochrane, John H and Piazzesi, Monika},
  journal={American economic review},
  volume={95},
  number={1},
  pages={138--160},
  year={2005}
}